@article{bertsch2023unlimiformer,
  title={Unlimiformer: Long-Range Transformers with Unlimited Length Input},
  author={Bertsch, Amanda and Alon, Uri and Neubig, Graham and Gormley, Matthew R},
  journal={\url{https://arxiv.org/pdf/2305.01625v1.pdf}},
  year={2023}
}

@inproceedings{wang2022multi,
  title={Multi-Document Scientific Summarization from a Knowledge Graph-Centric View},
  author={Wang, Pancheng and Li, Shasha and Pang, Kunyuan and He, Liangliang and Li, Dong and Tang, Jintao and Wang, Ting},
  booktitle={Proceedings of the 29th International Conference on Computational Linguistics},
  pages={6222--6233},
  year={2022}
}

@inproceedings{ribeiro2017struc2vec,
  title={struc2vec: Learning node representations from structural identity},
  author={Ribeiro, Leonardo FR and Saverese, Pedro HP and Figueiredo, Daniel R},
  booktitle={Proceedings of the 23rd ACM SIGKDD international conference on knowledge discovery and data mining},
  pages={385--394},
  year={2017}
}

@inproceedings{Ribeiro_2017,
	doi = {10.1145/3097983.3098061},
  
	url = {https://doi.org/10.1145%2F3097983.3098061},
  
	year = 2017,
  
	publisher = {{ACM}},
	author = {Leonardo F.R. Ribeiro and Pedro H.P. Saverese and Daniel R. Figueiredo},
  
	title = {struc2vec: Learning node representations from structural identity},
  
	booktitle = {Proceedings of the 23rd {ACM} {SIGKDD} International Conference on Knowledge Discovery and Data Mining}
}

@article{wu2020extracting,
  title={Extracting summary knowledge graphs from long documents},
  author={Wu, Zeqiu and Koncel-Kedziorski, Rik and Ostendorf, Mari and Hajishirzi, Hannaneh},
  journal={\url{https://arxiv.org/pdf/2009.09162.pdf}},
  year={2020}
}

@article{huang2021efficient,
    title={Efficient Attentions for Long Document Summarization}, 
    author={Luyang Huang and Shuyang Cao and Nikolaus Parulian and Heng Ji and Lu Wang},
    year={2021},
    journal={\url{https://arxiv.org/pdf/2104.02112.pdf}},
}

@article{kryscinski2021booksum,
    title={BookSum: A Collection of Datasets for Long-form Narrative Summarization}, 
    author={Wojciech Kry{\'s}ci{\'n}ski and Nazneen Rajani and Divyansh Agarwal and Caiming Xiong and Dragomir Radev},
    year={2021},
    journal={\url{https://arxiv.org/abs/2105.08209}},
    archivePrefix={arXiv},
    primaryClass={cs.CL}
}

@article{galkin2021nodepiece,
  author       = {Mikhail Galkin and
                  Jiapeng Wu and
                  Etienne G. Denis and
                  William L. Hamilton},
  title        = {NodePiece: Compositional and Parameter-Efficient Representations of
                  Large Knowledge Graphs},
  journal      = {CoRR},
  volume       = {abs/2106.12144},
  year         = {2021},
  url          = {https://arxiv.org/abs/2106.12144},
  eprinttype    = {arXiv},
  eprint       = {2106.12144},
  timestamp    = {Wed, 27 Apr 2022 17:47:09 +0200},
  biburl       = {https://dblp.org/rec/journals/corr/abs-2106-12144.bib},
  bibsource    = {dblp computer science bibliography, https://dblp.org}
}
